<?xml version="1.0" encoding="UTF-8"?><collection xmlns="http://www.loc.gov/MARC21/slim"><record><leader>00488nam--2200193-u-4500</leader><controlfield tag="001">000052479</controlfield><controlfield tag="002">20161230</controlfield><controlfield tag="005">20161230201050</controlfield><controlfield tag="008">100721s1000------------r-----000-0-rus-d</controlfield><datafield ind1=" " ind2=" " tag="040"><subfield code="a">IFIN-HH</subfield></datafield><datafield ind1=" " ind2=" " tag="041"><subfield code="a">rus</subfield></datafield><datafield ind1=" " ind2=" " tag="080"><subfield code="a">532.525</subfield></datafield><datafield ind1="1" ind2=" " tag="100"><subfield code="a">Pirumov, U.G</subfield></datafield><datafield ind1="1" ind2="0" tag="245"><subfield code="a">Teceniia gaza v soplah</subfield><subfield code="c">U.G. Pirumov, G.S. Rosliakov</subfield></datafield><datafield ind1=" " ind2=" " tag="260"><subfield code="a">Moskva</subfield><subfield code="b">Moskovokogo Universiteta</subfield><subfield code="c">1978</subfield></datafield><datafield ind1=" " ind2=" " tag="300"><subfield code="a">351 p</subfield></datafield><datafield ind1="1" ind2=" " tag="700"><subfield code="a">Rosliakov, G.S</subfield></datafield><datafield ind1=" " ind2=" " tag="852"><subfield code="a">47199</subfield><subfield code="c">532</subfield></datafield><datafield ind1=" " ind2=" " tag="CAT"><subfield code="a">Sys</subfield><subfield code="c">20100721</subfield><subfield code="h">152112</subfield></datafield></record></collection>